@BOOK{CONNOR2014,
  AUTHOR = "O'Connor, Zena",
  TITLE = "Colour Combination Techniques",
  PUBLISHER = {Design Research Associates},
  ADDRESS = {Sydney, AUS},
  YEAR = 2014
}

@mastersthesis{FARRAG,
  AUTHOR = "Ashraf F. Farrag",
  TITLE = "A COMPARISON OF PATIENT COHORT DISCOVERY TOOLS",
  SCHOOL = "Chapel Hill, North Carolina",
  YEAR = "2010"
}

@misc{ARTE:ARZNEIMITTELKONSUM,
   author = "Fabienne Winter, Manuel Vicuna",
   title = "ARZNEIMITTELKONSUM",
   url = "{http://www.arte.tv/sites/de/derblogger/2013/01/27/arzneimittelkonsum-deutschland-im-europaischen-mittelfeld/}",
   note = "[Online; accessed 5-May-2015]"
}

